2724 4748
489 309 753 372 exemero.
1141 317 1194 372 vu

42 453 206 549 ligentiam
227 455 435 526 laudantes
459 453 533 526 aliis
557 455 603 525 de
627 457 804 530 voluutete
829 462 945 526 nostre
965 458 1190 550 persuadere·

44 581 127 642 mus,
158 581 180 624 ι
211 559 301 628 viris
339 558 547 628 doctissimis
578 579 649 627 uon
682 558 953 628 animadversum
980 583 1053 630 esse
1086 563 1190 633 valde

48 659 204 728 dolemus.

140 762 198 830 De
223 761 319 829 libro
345 759 505 828 universo
529 783 599 829 non
623 759 738 830 habeo
761 759 855 850 quod
871 761 1030 831 adiiciam
1044 763 1085 832 iis
1102 789 1190 857 quae

54 863 293 932 iuProoemio
328 863 434 954 partis
460 863 583 954 prioris
610 864 765 954 exposita
791 873 885 932 sunt:
921 887 1000 932 uam
1026 889 1127 953 quam
1153 869 1189 935 iu

52 965 258 1055 explicando
289 965 476 1032 Aristotele
508 965 674 1032 rationem
701 966 847 1056 ingressi
873 987 1004 1050 sumus,
1044 969 1189 1036 eandem

53 1069 148 1134 etiam
183 1067 221 1132 in
248 1067 316 1132 hac
339 1075 439 1156 parte
465 1066 728 1150 observavimus·
779 1066 994 1155 Quamquam
1025 1069 1114 1137 enim
1140 1071 1190 1136 vir

53 1167 289 1252 doctissimus,
315 1169 371 1255 qui
399 1167 442 1234 de
466 1177 583 1235 nostra
608 1189 715 1259 opera
739 1168 787 1233 ita
810 1168 971 1234 iudicavit
981 1164 1096 1260 (Berl.
1111 1169 1189 1238 Lit-

53 1270 254 1360 terar.-Ztg.
284 1267 391 1338 1845.
420 1289 476 1337 no.
499 1266 581 1360 49),
607 1281 645 1336 ut
670 1269 792 1335 nostris
818 1269 944 1338 viribus
972 1271 1081 1364 magis
1104 1295 1189 1340 con—

2 1365 4 1435 }
53 1371 156 1440 fidere
183 1371 344 1437 videatur
369 1393 471 1458 quam
496 1371 562 1461 ipsi
589 1371 698 1455 nobis,
720 1370 921 1438 brevitatem
939 1395 1006 1460 qua
1023 1373 1191 1442 usisirnus

2 1461 3 1514 f
55 1469 375 1564 reprehendendam
401 1472 552 1562 putavit,
584 1481 700 1540 tamen
726 1472 1000 1561 explanationem
1022 1476 1190 1564 prolixio-

55 1597 119 1642 rem
144 1575 264 1641 facere
289 1595 357 1639 non
384 1574 454 1640 ausi
482 1595 613 1642 sumus:
647 1595 812 1662 namque,
838 1597 942 1662 quum
969 1574 1055 1642 nihil
1081 1576 1192 1644 admi·

2 1752 6 1768 ν
55 1677 192 1744 serimus
218 1673 314 1762 quod
339 1675 387 1741 ita
413 1675 543 1741 dictum
569 1684 667 1760 esset,
694 1686 731 1740 ut
756 1675 912 1742 breviore
939 1697 1048 1765 eoque
1065 1677 1191 1746 obscu-

54 1777 138 1844 riore
165 1798 324 1844 sermone
350 1776 402 1844 usi
429 1776 715 1844 dissimularemus
741 1776 834 1864 quod
859 1799 927 1844 non
953 1780 1033 1844 satis
1059 1779 1191 1847 intelli·

56 1901 222 1970 geremus,
249 1878 347 1945 uobis
374 1888 466 1946 certe
491 1877 592 1946 facile
610 1887 682 1945 erat
707 1878 879 1968 copiosius
906 1899 1078 1969 exponere
1104 1903 1192 1968 quae

1 1981 3 2048 i
56 1981 186 2048 brevius
212 1979 377 2060 diximus,
411 1980 472 2047 sed
497 1980 614 2058 veriti,
648 2002 709 2060 ne,
744 1981 772 2046 si
798 1979 903 2048 fusius
929 1977 1191 2070 explanaremus

59 2082 147 2170 quud
173 2081 308 2148 facilius
335 2091 423 2148 esset
447 2080 492 2147 ad
517 2078 800 2172 intelligendum,
826 2082 893 2171 ipsi
918 2081 1111 2149 videremur
1140 2084 1192 2150 le·

58 2196 171 2274 gentes
190 2183 386 2266 admonere,
411 2193 450 2249 ut
473 2182 643 2272 quaedam
667 2204 783 2249 eorum
807 2205 895 2272 quae
912 2183 1107 2272 scripsimus
1122 2205 1193 2250 uon

1 2283 2 2325 l
61 2284 144 2350 lecta
169 2284 364 2365 transirent,
390 2305 451 2350 nos
479 2283 711 2363 cohibuirnus3
736 2284 866 2350 scilicet
892 2307 1028 2372 semper
1054 2285 1089 2350 id
1116 2285 1192 2376 egi-

1 2465 2 2474 ,
59 2407 126 2454 mus
150 2396 207 2470 ut,
243 2408 318 2474 quo
347 2385 429 2474 quid
455 2385 629 2452 difficilius
656 2395 746 2452 esset
772 2393 807 2450 et
832 2385 966 2450 brevius
992 2383 1122 2450 dictum
1148 2385 1193 2452 ab

1 2485 2 2544 l
60 2486 251 2572 Aristotele,
278 2508 321 2554 eo
348 2487 519 2577 copiosius
540 2497 576 2554 et
600 2485 787 2556 accuratius
807 2495 1044 2575 exponeretur,
1070 2508 1193 2572 quam-

61 2611 156 2676 quam
181 2611 251 2666 nou
278 2589 336 2671 ita,
363 2597 400 2654 ut
426 2609 485 2654 eos
512 2589 570 2676 qui
587 2587 810 2654 Aristotelem
838 2586 993 2678 legerent
1018 2586 1112 2653 omni
1139 2587 1193 2653 la-

62 2687 137 2756 bore
163 2691 309 2756 liberare
334 2689 517 2771 vellemus,
554 2683 630 2756 sed‘
649 2689 696 2754 ita
730 2697 767 2754 ut
797 2699 959 2775 quantum
995 2687 1133 2774 quidem
1159 2689 1194 2754 in

63 2791 153 2857 uobis
180 2801 270 2858 esset
296 2791 337 2856 iis
364 2785 661 2880 suppeditarenrus
687 2812 775 2878 quae
796 2789 1057 2856 reconditiorem
1084 2812 1194 2878 quan-

65 2889 136 2957 dam
171 2902 206 2959 et
238 2891 401 2959 sermonis
434 2902 469 2957 et
500 2891 676 2958 doctrinae
709 2891 940 2982 cognitionem
973 2891 1194 2978 requirerent.

64 2989 123 3058 Est
146 3004 259 3060 autem
285 2993 406 3059 modus
433 2992 571 3080 quidam
597 2992 765 3059 tenendus
800 2993 835 3058 in
861 2993 1066 3084 exponenda
1091 3015 1195 3083 argu-

67 3095 265 3161 mentatione
290 3093 548 3185 philosophica,
574 3094 631 3181 qui
659 3094 687 3160 si
708 3094 892 3179 exceditur,
917 3115 982 3183 per
1004 3094 1115 3182 ipsum
1135 3115 1195 3159 ex-

68 3195 251 3282 plicationis
269 3195 518 3286 longitudinem
539 3216 593 3262 res
612 3195 653 3261 fit
666 3195 851 3261 obscurior.
895 3195 969 3260 Hos
985 3195 1090 3286 igitur
1108 3194 1195 3261 fin'es

69 3293 98 3360 iu
122 3295 326 3388 explicando
340 3296 527 3376 Aristotele
553 3319 687 3363 servare
714 3296 913 3379 studuimus,
939 3295 1079 3382 quodsi
1099 3295 1196 3362 nobis
1298 3331 1299 3336 ι

70 3399 257 3490 contigerit,
292 3397 393 3464 etiam
427 3399 453 3464 si
481 3399 573 3486 quod
599 3397 830 3490 praestitimus
856 3397 986 3464 minore
1012 3395 1115 3462 laude
1140 3396 1197 3462 di-

70 3519 165 3586 gnum
188 3501 233 3566 sit
256 3522 357 3587 quarn
376 3523 417 3574 ea
442 3522 544 3590 quam
570 3500 606 3566 iu
632 3521 692 3566 nos
711 3497 1002 3586 contuleruntqui
1023 3497 1067 3563 de
1086 3497 1197 3588 prima

70 3595 159 3668 huius
185 3601 301 3692 operis
334 3609 434 3690 parte
459 3600 573 3668 arlhuc
598 3600 850 3683 iudicaverunt,
885 3599 921 3665 id
948 3597 1077 3687 quod
1068 3620 1103 3664 ιιι
1129 3597 1198 3664 hoc

70 3719 166 3816 opere
190 3702 406 3784 conficiendo
432 3703 578 3769 maxime
604 3703 820 3794 propositum
847 3710 919 3769 erat
942 3700 1031 3766 bene
1056 3721 1197 3790 proces-

70 3801 144 3870 sisse
169 3804 266 3872 nobis
292 3803 583 3894 persuadebimus

128 4001 241 4068 Restat,
261 4006 291 4055 ut
308 3967 457 4056 indicemus
474 4001 571 4070 quibus
587 4001 656 4054 locis
673 4017 690 4054 u
708 3999 824 4054 lectione
842 4015 923 4067 quum
938 3998 1080 4051 Bellerur
1098 3997 1203 4066 recepit

71 4085 221 4139 mucimus
245 4092 273 4139 ct
296 4103 366 4153 quoe
390 4085 416 4137 in
435 4085 554 4138 Scholiis
571 4103 588 4138 u
605 4086 749 4139 Brundisio
767 4084 888 4140 collectis
904 4083 1074 4136 emendenda
1091 4099 1202 4136 censeo·

68 4183 130 4221 ιιιι.
166 4172 230 4224 Ao
221 4189 250 4224 ιιι
264 4171 408 4224 Aristotele
426 4169 562 4239 quidem
553 4189 613 4240 rpro
631 4171 723 4224 omnio
740 4187 809 4237 qous
827 4169 994 4222 comeximus
1011 4167 1054 4220 leis
1071 4167 1139 4220 locis
1157 4183 1202 4220 re·

72 4253 213 4318 μήιιιιιιιι
230 4253 497 4324 iloto—metm,
513 4254 619 4320 721182,
637 4253 827 4320 telleneu,
844 4252 950 4319 teate,
966 4250 1075 4319 iebdl,
1092 4241 1202 4352 illudi,

69 4334 484 4409 uo18‚2tt,2ust28,tsnt,
501 4339 609 4408 wale,
628 4339 818 4408 elueret,
