2724 4748
313 1113 920 1206 PRAEFATIO.

545 1307 695 1324 m

28 1437 228 1562 Emisnro
258 1486 353 1557 milui
378 1487 520 1556 alteram
548 1485 680 1582 Organi
694 1488 902 1557 Aristotelici
927 1497 1064 1581 partem
1078 1509 1190 1580 panca

38 1591 203 1677 quaedam
238 1613 281 1658 se
309 1589 507 1656 obtulerunt
534 1581 622 1680 qnae
645 1591 910 1682 praemitterem.
963 1592 1014 1658 Ac
1041 1591 1191 1681 primunr

41 1692 173 1777 quidem
204 1692 341 1784 gratias
367 1713 468 1782 agam
494 1692 573 1760 viris
600 1692 804 1759 doctissimis
825 1691 883 1781 qui
901 1691 946 1759 de
962 1693 1068 1782 priori
1087 1690 1189 1760 huius

47 1790 116 1858 libri
147 1803 258 1884 parte
284 1792 447 1859 iudicium
479 1792 652 1862 lecerunt:
690 1794 899 1883 scripserunt
934 1794 1025 1860 anim
1059 1793 1107 1860 ita
1140 1799 1189 1878 ut,

49 1891 125 1959 dum
157 1893 207 1961 de
237 1894 423 1962 Aristotele
449 1893 528 1984 ipso
560 1894 648 1962 bene
679 1904 865 1977 mererent,
899 1917 994 1962 snam
1020 1915 1102 1986 erga
1133 1915 1189 1960 me

52 1992 323 2062 benevolentiam
342 2005 563 2063 testarentur:
589 2019 669 2064 naun
688 2019 777 2084 quae
794 1995 840 2062 de
858 1993 1048 2088 Gategoriis
1065 1995 1189 2086 dispu-
1245 2029 1257 2038 ·

54 2096 132 2160 tavit
142 2097 301 2188 Spengel
311 2093 529 2187 (Miinchner
540 2097 748 2166 (iel-Anae
778 2096 885 2168 1845.
912 2093 1122 2187 no.4sqq.)‚
1149 2117 1190 2163 ea

58 2197 188 2286 etipse
215 2199 332 2290 magni
359 2199 500 2266 aestimo
527 2209 562 2266 et
588 2199 745 2266 omnibus
771 2201 828 2289 qui
856 2199 1049 2266 Aristotelis
1075 2197 1189 2266 stndio

58 2296 265 2366 delectentur
282 2309 444 2392 pergrata
462 2301 568 2368 fuisse
581 2323 782 2392 persuasum
799 2301 922 2368 habeo.
951 2295 1056 2366 Petiit
1075 2308 1190 2365 autem

59 2421 169 2485 ame,
196 2409 234 2467 ut
259 2401 380 2468 clarius
407 2401 557 2469 dicerem
583 2402 677 2492 qood
704 2401 731 2468 14
754 2423 789 2492 p.
803 2401 868 2468 XV
884 2423 934 2489 sq.
962 2399 1007 2466 de
1033 2399 1189 2468 lectionis

59 2500 211 2568 uarietate
229 2502 368 2592 scripsi:
382 2503 449 2569 ‘cui
473 2513 512 2569 ut
529 2503 735 2571 satisfaciam
752 2503 902 2593 primunr
918 2499 1106 2567 notandum
1126 2506 1188 2584 est,

61 2601 144 2688 qnod
170 2624 235 2690 pro
262 2625 303 2669 eo
330 2603 424 2691 qnod
449 2603 518 2670 dix-i
545 2605 589 2674 de
615 2605 763 2671 lectione
788 2603 875 2674 6a7
900 2623 993 2687 „non
1019 2600 1125 2668 habet
1150 2597 1189 2681 G

1 2784 3 2789 .
61 2701 115 2766 sed
130 2697 182 2766 Β”
197 2703 382 2794 legendum
398 2714 451 2770 est
466 2727 558 2798 „pon
573 2706 681 2772 habet
698 2703 742 2787 Β,
768 2704 830 2770 sed
850 2695 908 2770 (Γ.
946 2701 1080 2770 Deinde
1094 2700 1190 2791 quod

1 2795 2 2816 l
61 2801 235 2871 adiecimus
261 2805 347 2873 7b8
375 2814 410 2870 et
439 2807 545 2876 15a2
573 2828 665 2889 „non
689 2805 797 2870 habet
821 2803 874 2894 B”
907 2803 967 2869 ita·
988 2804 1188 2895 intelligen-

62 2900 134 2968 dum
159 2895 220 2988 est3
245 2913 284 2972 ut
308 2927 419 2993 neque
444 2906 480 2972 in
500 2899 628 2973 cod.'B
647 2929 757 2993 neque
779 2907 814 2972 in
836 2904 974 2992 reliquis
991 2904 1207 2996 aBelukcro'
1232 2927 1236 2940 ¹

51 3003 195 3071 ‘collatis‘
209 3007 400 3096 reperiatur
424 3005 518 3095 quod
544 3007 605 3074 ille
630 3008 762 3073 notavit
787 3003 838 3096 (v.
858 3006 934 3072 lect.
950 3005 1066 3072 variet.
1084 3027 1189 3093 quam

61 3102 205 3174 dedimus
219 3129 255 3197 p.
276 3109 349 3176 100
365 3116 401 3173 et
409 3114 452 3198 'p.
471 3105 577 3198 100),
591 3117 640 3176 'ut
665 3109 831 3175 incertum
849 3108 893 3174 sit
913 3107 1006 3173 unde
1022 3107 1083 3172 illa
1098 3106 1187 3174 han·

55 3195 139 3271 serit.
189 3207 243 3273 Ea
268 3218 382 3274 autem
415 3231 505 3295 quae
531 3209 678 3276 diximus
704 3231 740 3299 p.
764 3207 849 3276 xvl
875 3207 919 3274 de
946 3207 1100 3274 lectionis
1125 3227 1188 3273 rur-¹

60 3305 169 3374 rietate
202 3308 246 3374 ad
275 3309 407 3378 13h31
436 3309 586 3377 delenda
613 3318 707 3378 sunt:
743 3333 820 3376 naun
853 3330 942 3397 quac
975 3310 1011 3374 in
1037 3306 1189 3374 Bekkeri

59 3405 198 3476 editione
224 3409 386 3501 leguntur
405 3410 456 3476 *ad
483 3410 517 3478 h.
545 3412 568 3478 l.
583 3401 645 3501 “,,ἢ·
661 3409 706 3493 Β,
731 3403 772 3476 od
798 3404 854 3475 δῖ’
879 3431 945 3500 pro
970 3408 1096 3476 mendo
1120 3407 1187 3474 ha·
1294 3424 1296 3427 ’

57 3505 162 3576 henda
186 3521 283 3594 sunt,
314 3511 410 3599 quod
428 3509 491 3578 ssit'a
524 3510 764 3602 corrigendum
787 3519 852 3578 ‘est'
876 3520 916 3577 ut
955 3504 1090 3601 legatur
1121 3498 1185 3600 ,,ἢ]

55 3601 91 3676 sd
107 3606 166 3678 'dl''
181 3659 189 3675 .
205 3658 235 3676 ..
553 3641 554 3646 ¹
587 3619 589 3624 '
746 3659 749 3664 -
954 3661 956 3666 -
1180 3637 1182 3644 '

1 3773 2 3776 ,
148 3705 284 3780 Deinde
300 3729 420 3803 pauca
446 3712 622 3800 quaedam
637 3712 729 3778 ‘mihi
744 3710 1013 3803 'praemonenda
1038 3718 1117 3776 sunt
1142 3709 1187 3777 de

52 3810 92 3877 iis
115 3835 203 3901 quae
227 3814 272 3880 de
296 3814 377 3880 hoo
392 3813 481 3880 libro
502 3823 543 3880 et
557 3813 682 3879 stacte„
698 3823 733 3879 et
760 3823 859 3879 acute
885 3811 1186 3886 disseruit-Bonita

52 3908 147 4002 (den.
163 3913 305 4006 Littztg.
325 3915 433 3984 1845.
450 3935 504 3980 no
515 3915 588 3984 010
599 3909 704 4002 sqqu).
722 3915 889 3980 ¹Primum
911 3911 994 3977 dicit
1011 3932 1080 3978 non
1096 3921 1185 4002 opus

52 4013 215 4080 luisse'ut
238 4013 497 4105 probaverimus
522 4015 694 4097 lemmata,
721 4037 809 4102 quae
826 4014 990 4094 dicantur,
1015 4012 1064 4078 ita
1089 4034 1186 4078 com·
1285 4019 1286 4022 ’

51 4125 168 4203 parata
191 4137 266 4182 esse
284 4126 323 4182 nt
340 4113 428 4182 nihil
446 4116 529 4182 certi
552 4107 600 4182 ex'
615 4116 656 4183 iis
675 4116 840 4206 colligere
855 4115 957 4180 liceat
978 4113 1024 4179 de
1040 4113 1186 4180 lectione

52 4215 197 4301 quaein
222 4225 416 4285 contentum
440 4213 640 4307 recipienda
664 4217 716 4284 sit.
768 4215 873 4299 Quod
900 4235 1105 4304 quamquam
1123 4233 1186 4286 res

52 4313 218 4386 tissimum
241 4324 311 4403 est,
330 4355 331 4358 π
347 4327 463 4388 tamon
493 4317 565 4386 lucc
587 4315 746 4410 pluribus
770 4316 1005 4411 comprobare
1018 4313 1191 4384 noluimus
1277 4343 1278 4346 ¹

1147 4473 1326 4590 uruit}
