2724 4748
68 379 107 404 ,Ν
160 283 213 373 ιι
408 371 410 376 ,
594 313 906 382 rannrrrlo,

35 497 37 499 ¹
162 477 351 565 propterea
360 469 570 561 quodvimm
586 470 690 540 valde
705 471 875 540 eruditum
889 472 924 539 in
938 471 1206 565 congregatione
1218 470 1305 564 phi-

162 575 359 666 lologorum
382 573 567 662 aliquando
589 573 623 640 in
645 574 747 642 aliam
761 575 965 642 sententiam
989 574 1221 664 disputantem
1235 575 1306 666 ipsi

163 675 352 744 andivimus
385 670 437 766 (v.
455 675 748 768 Verhandlungen
771 666 834 743 der
854 675 1012 744 sechsten
1038 676 1307 768 Versammlung

164 772 496 846 deutscherl‘hiloll.
508 777 577 844 und
585 776 775 845 Schulmm.
790 775 910 844 Caesel
922 775 1029 848 1844.
1048 801 1082 868 p.
1094 779 1142 847 78
1151 801 1216 866 sq.‚
1244 778 1307 846 ubi

162 877 310 946 Brandis
324 879 590 969 reprehenditur
604 879 697 967 quod
714 879 749 945 in
762 879 967 946 collectione
982 879 1190 946 scholiorum
1201 903 1308 968 quarn

163 980 311 1048 ediderit
336 981 463 1047 variam
486 981 668 1048 lectionem
692 1003 762 1048 non
787 981 1002 1048 adnotaverit
1020 1004 1122 1070 quam
1143 982 1307 1048 lemmata

164 1083 365 1150 exhibeant:
394 1081 437 1148 de
452 1083 574 1172 pretio.
590 1082 680 1150 enim
704 1081 797 1172 quod
820 1082 914 1148 libris
931 1105 1008 1148 mss.
1027 1082 1245 1149 statuendum
1262 1082 1308 1149 sit

164 1185 309 1252 maxime
334 1183 553 1250 iudicandum
580 1205 655 1251 esse
678 1206 720 1251 ex
744 1185 786 1250 iis
812 1206 899 1271 quae
926 1183 968 1249 ab
995 1184 1080 1274 ipsis
1106 1184 1306 1274 interpreti·

61 1353 65 1358 .
162 1285 226 1352 bus
252 1285 384 1377 graecis
415 1307 480 1376 pro
511 1286 599 1353 veris
626 1285 819 1352 Aristotelis
852 1285 964 1352 verbis
996 1285 1114 1351 habita
1146 1286 1181 1351 in
1207 1306 1307 1352 corn-

164 1386 338 1454 mentariis
364 1385 539 1476 adscripta
566 1382 663 1476 sint).
716 1385 851 1454 Deinde
886 1386 1140 1476 quod'saepius
1168 1386 1307 1478 silentio

163 1487 382 1582 praeteriisse
407 1487 576 1570 videmur,
598 1505 679 1556 num
706 1487 789 1577 quid
815 1487 934 1578 colligi
960 1489 1071 1578 possit
1097 1487 1141 1554 de
1157 1485 1307 1566 lectione

163 1605 270 1678 quam
298 1590 501 1680 interpretes
527 1590 642 1682 graeci
674 1589 855 1656 habuerint
890 1611 931 1656 ex
964 1589 1003 1656 iis
1038 1611 1125 1676 quae
1157 1589 1224 1679 ipsi
1260 1588 1308 1656 de

163 1691 309 1782 singulis
340 1691 425 1758 locis
453 1691 648 1782 disputent,
685 1689 870 1757 dicendum
898 1697 950 1756 est
981 1690 1017 1756 in
1042 1689 1225 1782 afferendis
1251 1690 1309 1756 in·
1344 1719 1347 1724 ¹

163 1791 370 1882 terpretibus
395 1793 528 1884 graecis
554 1814 616 1860 nos
642 1791 690 1858 ita
718 1813 855 1880 semper
880 1800 1031 1860 versatos
1055 1805 1145 1875 esse,
1169 1800 1207 1856 nt
1227 1791 1309 1858 ubi·

165 1899 299 1982 cunque
325 1915 384 1960 eos
410 1915 479 1960 non
506 1894 800 1978 nominaverimus,
828 1893 918 1960 nihil
941 1893 976 1958 in
1000 1893 1040 1958 iis
1057 1893 1308 1982 repetierimus

163 1994 257 2064 unde
281 1995 510 2064 coniecturam
543 2017 666 2085 capere
690 1995 809 2070 liceret
844 1994 887 2060 de
922 1994 1070 2060 lectione
1101 2017 1203 2082 quam
1225 1994 1310 2084 'ipsi

165 2104 245 2164 ante
270 2096 389 2162 oculos
414 2093 606 2164 habuerint.
659 2097 813 2184 Denique
848 2095 941 2184 quod
968 2095 1112 2164 diximus
1139 2095 1175 2160 in
1200 2118 1309 2185 prae-

163 2197 295 2264 fatione
320 2198 427 2287 partis
452 2199 575 2289 prioris
600 2193 774 2288 (p.1x):
802 2197 957 2279 „scholia
982 2196 1157 2264 inedita
1184 2197 1308 2284 quibus

65 2377 69 2392 v,
163 2297 227 2366 ille
241 2293 430 2389 (Brandis)
447 2323 525 2366 usur
541 2307 593 2366 est
607 2299 764 2390 relegere
781 2293 980 2380 noluimus''‚
999 2297 1036 2364 id
1052 2298 1169 2388 plures
1189 2319 1309 2364 eorum
1330 2353 1332 2358 .

164 2399 224 2488 qui
256 2399 300 2468 de
333 2400 402 2466 hoc
438 2401 526 2466 libro
559 2400 721 2468 iudicium
751 2401 915 2467 fecerunt*
932 2402 1021 2466 male
1047 2399 1309 2466 intellexerunt:
1343 2485 1344 2488 Ἴ

167 2523 315 2589 namque
341 2501 411 2568 hoc
437 2502 483 2568 ita
501 2511 592 2568 certe
613 2502 722 2592 accipi
741 2502 922 2583 noluimus,
949 2501 1031 2568 acsi
1050 2499 1180 2566 scholia
1197 2523 1320 2590 neque·

166 2601 283 2674 edita
314 2625 425 2694 neque
461 2603 639 2676 inedita
670 2604 805 2693 integra
838 2603 1082 2693 relegerimus‚
1118 2602 1187 2668 imo
1214 2601 1311 2668 edita

165 2702 279 2774 omnia
297 2703 588 2790 pertractavimus
615 2721 821 2790 quamquam
840 2725 908 2768 non
935 2703 997 2768 nisi
1019 2724 1122 2768 unum
1144 2709 1201 2768 aut
1220 2701 1309 2770 duos

167 2801 263 2868 locos
296 2802 332 2868 in
360 2802 405 2876 ,iis
431 2803 619 2870 invenimus
641 2803 742 2884 ,unde
775 2792 905 2890 aliquid
932 2802 1011 2868 elici
1036 2803 1187 2891 potuerit
1212 2802 1311 2890 qnod
1342 2857 1344 2860 .

71 2976 74 2982 ¹
164 2903 306 2970 alicuius
332 2905 497 2970 momenti
522 2913 611 2976 esset
642 2902 689 2970 ad
715 2902 932 2969 Aristotelem
967 2903 1037 2970 sive
1064 2903 1309 2994 explicandum

166 3001 237 3070 sive
271 2993 540 3070 emendandum}
573 3025 641 3090 qua
671 3003 717 3070 de
751 3025 787 3069 re
820 3004 923 3072 facile
957 3004 1020 3072 sibi
1051 3005 1311 3095 persuadebunt
1357 3013 1358 3016 ’

166 3105 225 3194 qui
241 3114 277 3172 et
289 3105 548 3172 commentarios
563 3112 695 3172 nostros
711 3105 918 3196 perlustrare
935 3114 969 3172 et
982 3106 1188 3196 interpretes
1203 3127 1308 3197 grae-

165 3228 225 3274 cos
251 3206 404 3296 integros
430 3207 585 3298 relegere
610 3207 725 3276 velint.
778 3207 876 3288 Quae
910 3229 1014 3294 quum
1039 3207 1088 3272 ita
1114 3207 1197 3288 sint,
1218 3207 1308 3274 eni-

166 3308 255 3374 miae
273 3307 471 3397 diligentiae
488 3306 636 3390 laudem,
662 3331 765 3396 quarn
784 3307 821 3376 in
838 3307 1048 3374 scholiorum
1068 3307 1310 3400 collectionem

166 3431 187 3474 a
212 3407 395 3476 Brandisio
421 3408 547 3475 factam
574 3410 790 3492 contulimus,
816 3409 1023 3484 nonsolum
1050 3430 1118 3476 non
1139 3408 1310 3476 imminui·

167 3529 260 3591 mus,
297 3508 359 3576 sed
392 3509 461 3576 alta
494 3532 580 3582 voce
606 3512 801 3600 repetimus.
854 3507 920 3580 Cui
946 3508 1084 3602 quidem
1107 3509 1310 3580 collectioni

166 3631 247 3676 num
271 3608 364 3676 idem
390 3610 539 3700 pretium
560 3611 776 3679 statuendum
794 3612 836 3678 sit
861 3610 897 3675 in
921 3601 1070 3699 iis'qnae
1088 3633 1157 3679 non
1176 3603 1226 3682 ad'
1239 3608 1311 3680 Or-

167 3732 312 3800 ganum‚
340 3711 402 3778 sed
427 3710 474 3778 ad
500 3713 567 3780 alia
592 3709 787 3780 Aristotelis
814 3711 942 3800 scripta
964 3714 1167 3803 pertinent,
1183 3711 1311 3778 diiudi—

167 3818 246 3879 cent
266 3811 355 3878 ’aliia
386 3835 449 3880 nos
476 3823 570 3880 certe
595 3813 639 3884 de
666 3837 707 3879 ea
731 3812 945 3880 collectione
964 3814 1042 3880 sola¹
1063 3813 1169 3884 locuti
1195 3837 1310 3882 sumus

166 3934 235 3998 qua
251 3912 379 4001 scripta
395 3913 509 4004 logica
527 3915 719 4006 Aristotelis
737 3913 961 4004 explicantur.
988 3913 1093 3996 Quod
1108 3933 1189 3980 vero
1206 3914 1311 3981 scho-

166 4012 214 4079 lia
244 4012 371 4080 inedita
405 4013 527 4102 quibus
553 4015 700 4082 Brandis
740 4037 818 4082 usus
852 4023 903 4084 est
940 4037 1010 4081 non
1044 4017 1311 4102 retractavimus,

165 4112 203 4180 id
228 4113 392 4182 vellemus
420 4137 489 4182 non
513 4115 745 4206 negligentiae
777 4125 913 4184 nostrae
937 4115 999 4182 sed
1026 4122 1221 4207 temporum
1246 4137 1311 4184 un-

165 4215 286 4305 gustiis
318 4215 481 4296 tributum
510 4225 616 4301 esset,
650 4215 744 4304 qnod
770 4239 875 4306 quum
907 4241 928 4283 a
953 4215 1052 4286 nobis
1081 4239 1149 4286 non
1175 4217 1233 4285 ita
1249 4207 1310 4286 exss

165 4335 321 4404 pressum
345 4323 437 4390 esset
465 4316 500 4382 in
526 4317 741 4406 praefatione
767 4319 892 4410 priori,
917 4325 956 4390 ut
981 4327 1132 4390 nostram
1158 4318 1228 4412 ipsi
1252 4317 1311 4388 dis
