2724 4748
207 341 229 400 8
602 335 911 392 ΑΝΑΛῬΤΙΚΩΝ

205 513 230 583 6
214 481 498 580 606666666
527 483 570 558 66
592 483 682 615 6666
669 485 729 558 ’τέ
750 485 817 558 ἐστι
830 481 895 613 κριλ
916 477 995 568 ἒξ’
973 480 1127 612 ρινάγκγγς.
1174 477 1221 555 06
1243 477 1309 577 γάρ

206 587 367 681 ἐνδέχεται
393 584 440 684 μὴ
456 583 633 716 ὑπάρχειρ
658 585 682 686 6
710 583 877 676 άπλοῖς
851 616 874 683 6
899 612 939 656 τα
958 581 1188 679 άντικείμενα,
1233 579 1308 710 0666

167 693 339 817 τογραρμῇ
361 685 404 760 τό
425 685 565 762 εὐθὺ“
541 717 609 789 6
584 716 623 762 το
646 687 822 782 καμπύλον
851 689 907 759 καλ
934 683 1071 813 άριθμρί
1091 681 1130 757 τό
1155 681 1307 778 περιττὸν

204 786 231 888 6
244 817 284 863 το
293 815 415 884 αρτιον
440 790 508 861 εστι
515 818 577 884 γαρ
587 818 626 862 το
614 787 819 919 606066066
832 783 1019 915 στέρησιςῆ
1029 785 1306 912 άντίφασιςέντρῖ

205 888 301 964 οὑτω
315 886 472 986 γένει,
437 899 509 962 οιον
525 889 638 982 άρτιον
650 890 689 964 66
704 889 750 1020 ρὴ
766 888 916 1020 περιττόν
931 890 965 961 ἐν
978 887 1133 1016 ρριθμοῖς
1147 875 1170 981 6
1186 857 1307 959 ἕπετάι.

206 962 290 1121 666
308 989 387 1065 ιδ’
366 989 491 1088 ανάγκιγ
515 993 623 1086 φάναι
651 990 675 1092 6
699 991 891 1088 άποφάναι,
932 988 1059 1143 άνάγκιγ
1084 993 1140 1061 καλ
1163 987 1203 1064 τά
1227 986 1309 1062 καθ’

188 1092 294 1168 αὑτα
282 1090 485 1222 ὑπάρχειν.

167 1217 195 1263 ιε
286 1190 388 1266 Τό
354 1221 414 1288 μεν
435 1182 511 1266 οάν
524 1189 608 1266 κατά
632 1191 755 1284 παντός
774 1195 830 1266 καὶ
851 1189 931 1319 καθ’
951 1187 1038 1318 6660
1026 1187 1281 1285 διωρίσθω
1245 1219 1307 1264 τον

204 1293 332 1424 τρόπον
358 1301 496 1368 τοῦτον·
538 1293 698 1422 6666600
728 1299 763 1401 δὲ
785 1290 914 1423 6666“
895 1321 915 1366 0
947 1289 988 1366 άν
1015 1290 1104 1419 6666
1124 1291 1248 1379 παντός
1270 1320 1313 1364 τε·

204 1393 341 1524 ὑπάρχῃ
360 1399 416 1468 καὶ
439 1393 519 1470 καθ’
536 1393 622 1524 6666
646 1400 746 1469 καὶ
725 1387 748 1490 6
775 1395 869 1468 αὐτό.
911 1391 1118 1488 φανερόν
1082 1391 1147 1464 606
1168 1389 1218 1465 ὅτι
1239 1389 1306 1464 ὅσα

204 1496 379 1624 6666600‚
418 1495 506 1584 6’
461 1496 632 1602 ανάγκιγς
656 1497 800 1591 ὑπάρχει
823 1525 893 1584 τοις
918 1496 1118 1622 666666600.
1160 1492 1199 1566 τὸ
1224 1493 1306 1566 καθ’

206 1595 292 1670 αὑτό
316 1599 351 1672 δὲ
373 1601 470 1670 καὶ
451 1628 474 1692 6
493 1597 578 1670 αὐτό
593 1597 751 1723 ραάτόν,
783 1595 856 1670 οἷον
877 1597 957 1668 καθ’
959 1595 1087 1701 αὑτὴν
1110 1602 1151 1688 66
1172 1623 1270 1726 γρριιιρ
1270 1602 1308 1719 06

82 1709 90 1722 ”
166 1697 348 1828 εοὺπάρχει
366 1698 485 1829 στιγμὴ
504 1703 560 1771 καὶ
581 1696 621 1771 τό
644 1699 752 1774 εόθά·
786 1703 843 1772 καὶ
862 1695 935 1830 γάρ
949 1701 971 1792 6
995 1697 1161 1825 6666666.
1174 1699 1229 1768 καὶ
1255 1703 1307 1796 τῷ
1358 1725 1360 1728 ·

204 1801 351 1902 τριγώνῳ
370 1804 393 1894 6
414 1803 574 1933 τρίγωνογ
589 1799 653 1873 δύο
670 1801 790 1930 ὀρθαί·
817 1803 874 1872 καὶ
896 1797 958 1896 γάρ
977 1798 1056 1870 καθ’
1080 1795 1164 1924 αὑτό
1179 1826 1218 1870 το
1206 1768 1307 1891 τρά-

204 1929 314 1998 γωνον
328 1873 395 1974 660
413 1900 559 2032 666666'
549 1906 632 1974 6606.
665 1932 705 1976 το
695 1901 880 1974 καθόλου
900 1903 936 1974 δε
960 1899 1101 1995 ὑπάρχει
1115 1899 1197 1987 τότε,
1224 1897 1308 1973 ὅταν

205 2005 257 2076 ἐπλ
271 2009 335 2076 τοῦ
347 2004 506 2096 τυχόντος
520 2006 575 2076 καὶ
588 2003 724 2097 πρώτου
740 2003 940 2133 666066660.
967 1999 1040 2075 οἷον
1052 2031 1091 2074 το
1081 2001 1171 2074 δύο
1190 1999 1304 2094 ὀρθάς

205 2105 288 2198 ἔχειν
318 2102 397 2177 οὔτε
422 2112 469 2206 τῷ
499 2104 643 2202 σχήματί
667 2107 734 2178 ἐστι
760 2106 933 2178 καθόλου·
966 2107 1073 2176 καίτοι
1103 2105 1169 2175 ἔστι
1202 2102 1306 2231 δεῖξαι

165 2203 287 2280 τεκατά
314 2177 480 2303 σχήαατός
500 2204 553 2278 ότι
576 2205 643 2280 δύο
667 2205 813 2332 όρθάς”
795 2235 873 2300 εχει,
909 2204 981 2276 άλλ’
1002 2205 1047 2278 06
1062 2211 1127 2277 τοῦ
1140 2203 1306 2332 τυχόντορ

204 2306 390 2436 σχήματος,
430 2305 512 2380 0666
539 2315 713 2430 χρῆται
682 2316 729 2381 663
756 2309 889 2440 τυχόντι
911 2305 1050 2403 666666
1081 2305 1306 2394 δεικνύς·τό

203 2407 269 2504 γάρ
296 2407 498 2504 τετράγωνον
509 2416 630 2540 σχιχιιρι
649 2411 727 2537 666,
762 2409 827 2482 οὐκ
849 2412 910 2504 ἔχει
932 2411 967 2481 δὲ
989 2408 1055 2481 δύο
1077 2405 1197 2539 ὀρθαῖς
1218 2411 1304 2498 ἴσας.

203 2506 294 2602 τόδ’
319 2511 525 2599 ἰσοσκελὲς”
507 2539 582 2637 εχει
591 2513 651 2605 μὲν
671 2509 711 2584 τό
733 2509 835 2606 τυχόν
863 2510 929 2583 δύο
961 2508 1081 2639 ὀρθαῖς
1105 2513 1197 2596 ἴσας,
1231 2507 1306 2580 αλλ’

204 2607 251 2684 06
266 2617 414 2703 πρῶτον,
448 2609 586 2684 άλλάτο
599 2615 758 2706 τρίγωνον
775 2613 945 2704 πρότερον.
982 2609 1131 2683 ὃτοίνυν
1146 2608 1306 2739 τοτυχδν

165 2740 192 2786 ιο
204 2717 336 2804 πρωτον
344 2715 457 2785 δεικνι
450 2741 511 2784 ται
518 2711 584 2786 δυο
599 2713 790 2840 όρθάςὲχον
805 2709 828 2810 6
842 2709 1057 2800 ὁτιοῦνάλλο,
1067 2711 1176 2812 τούτῳ
1183 2712 1305 2813 πρώτῳ

13 2849 18 2858 ·
121 2841 149 2893 p.
157 2811 226 2880 64
204 2813 347 2907 υπάρχει
362 2813 527 2902 καθόλου,
537 2817 593 2885 καὶ
607 2844 630 2910 6
620 2811 809 2902 άπόδειξις
822 2812 902 2885 καθ’
912 2811 996 2885 αὑτό
1009 2783 1307 2887 τούτουάαθόλου

204 2915 281 3000 ἐστι’,
295 2921 363 2986 τοῖν
379 2912 409 2986 δ’
425 2913 535 2988 άλλων
548 2914 676 3008 τρόπον
689 2913 761 2988 τινά
773 2943 818 2987 ου
810 2913 913 2986 ”καθ
927 2911 1027 2987 αὑτό·
1053 2913 1134 2988 0666
1149 2943 1212 2988 606
1198 2917 1306 2988 660-

205 3021 349 3102 σκελοὺς
365 3012 431 3088 οὐκ
445 3017 510 3143 666
525 3016 680 3088 καθόλου
696 3015 768 3088 άλλ’
782 3019 834 3089 ἐπὶ
847 3018 974 3090 πλέον.

166 3115 191 3186 5
279 3123 344 3188 Λεῖ
365 3118 401 3188 δὲ
426 3113 486 3243 66
498 3115 726 3190 λανθάνειν“
704 3146 756 3204 οτι
780 3118 939 3207 πολλάκις
964 3117 1138 3211 συαβαίνει
1160 3120 1307 3244 διαμαρ-

179 3215 312 3292 ττάνειν
329 3215 445 3288 καὶ
400 3246 446 3313 μη
465 3215 626 3314 ὑπάρχειν
642 3247 680 3292 το
669 3218 908 3313 δεικνύμενον
928 3226 1062 3311 πρῶτον
1081 3210 1307 3346 καθόλου,
1281 3249 1307 3314 6

203 3323 297 3390 δοκει
302 3320 499 3390 δεικνυσθαι
511 3320 669 3394 καθολου
678 3329 819 3425 πρῶτον.
846 3320 1051 3413 απατωριεθα
1063 3321 1098 3390 δε
1106 3347 1308 3446 ταυτιγντιγν

203 3417 351 3548 άπάτρν,
370 3415 464 3547 όταν
492 3418 515 3518 6
512 3419 643 3552 ριιρδὲν
675 3412 877 3552 6666666’
856 3422 1019 3514 ανάτερον
1044 3417 1136 3514 παρά
1160 3419 1200 3494 τό
1210 3422 1309 3493 καθ’

174 3521 342 3592 ἕκαστον
364 3517 387 3617 6
409 3518 450 3592 τά
471 3521 551 3594 καθ’
576 3525 713 3613 ἕκαστα,
722 3521 891 3653 66666,
924 3519 1040 3594 άλλΗ
1018 3521 1193 3615 ανάνυμον
1211 3553 1243 3649 6
1221 3512 1308 3598 ἐπὶ

194 3620 383 3747 διαφόροις
399 3617 477 3694 εἴδει
492 3623 691 3754 πράγρασιρ,
719 3623 740 3722 6
762 3625 910 3720 τυγχάνχ
934 3621 974 3696 όν
995 3653 1046 3714 ως
1063 3625 1097 3697 ἐν
1113 3625 1203 3717 με’ρει
1222 3620 1308 3698 όλον

166 3747 192 3790 10
203 3713 301 3822 ἐφ
274 3751 301 3794 ω
326 3725 508 3796 δείκνυται
547 3737 617 3816 τοῖς
636 3726 699 3823 γάρ
720 3728 755 3800 ἐν
776 3729 866 3820 μέρει
888 3723 1077 3822 ὑπάρξει
1043 3753 1103 3820 μιν
1121 3754 1144 3823 6
1136 3723 1306 3800 άπόδει-

273 3913 305 3965 19
323 3911 385 3968 οἷον
402 3933 495 4002 τχγ
471 3917 586 3986 ρ.Μ-
604 3912 806 3971 2666an
820 3915 944 4000 αὑταδν
955 3922 1027 3985 s
1027 3919 1078 3973 29
1096 3937 1168 3988 οιντ
1159 3919 1213 3982 Β,
1234 3921 1306 4005 prC.

202 4008 237 4020 -
254 3979 306 4048 τὴν
324 4001 452 4072 χραμμην
469 4003 502 4050 pr
522 3987 623 4038 66-
639 3989 669 4038 31
691 3981 790 4070 ὀρθαί]
811 3983 915 4053 ὀρθαῖς
933 3989 994 4042 ἴσον
1011 3938 1307 4056 00-3460616612

202 4047 368 4186 ρρθιχςοέιε
385 4049 438 4122 γάρ
457 4054 488 4105 Β.
507 4081 540 4148 -f
557 4056 591 4108 36
610 4051 676 4109 οὑδὲ
693 4051 746 4126 γάρ
765 4073 806 4124 χρ.
820 4058 902 4107 Β.-
922 4059 954 4109 37
977 4053 1008 4110 δε
1027 4074 1069 4106 om
1083 4058 1161 4122 χ.-
1129 4057 1305 4111 -δν.ολνΒ

270 4183 339 4238 ⁷46
356 4187 469 4257 τρόποιν
487 4190 619 4254 prMn-
637 4186 810 4256 7626sz.
829 4219 863 4232 -
880 4183 933 4244 8
912 4213 933 4258 6
951 4188 986 4244 τά
1005 4189 1073 4246 καθ’
1090 4189 1193 4246 ἕκαστοι
1211 4211 1254 4244 om
1275 4195 1303 4247 C.

202 4282 236 4292 -
254 4249 306 4308 9
288 4275 306 4323 6
324 4274 353 4306 ιο
372 4275 450 4324 supra
469 4275 499 4307 vs
517 4275 589 4308 ιι-
558 4257 739 4326 -τνγχάνει
758 4260 820 4330 Gpo,
840 4279 871 4328 pr
889 4261 1047 4315 6660.-
1068 4264 1099 4314 10
1119 4250 1159 4314 άν
1176 4279 1208 4328 pr
1225 4280 1251 4314 ιι.
1324 4333 1326 4336 Ι
