2724 4748
479 335 698 391 ῬΣΤΕΡΩΝ
719 339 749 390 A.
1126 337 1165 398 ll

46 515 108 577 νος,
130 481 210 558 οὐδέ
234 483 425 581 πρότερον
447 479 530 578 ᾔδει.
575 486 725 584 φθαρείη
747 481 778 558 δ’
800 480 842 557 όν
862 480 902 557 τό
926 484 1037 578 μέσον,
1064 487 1093 560 εί
1116 483 1164 584 μή

1 607 3 656 ι
50 589 233 684 ἀναγκαῖον.
280 585 378 660 ὥστε
400 585 465 673 έξει
483 589 542 681 μὲν
563 585 625 660 τόν
647 587 749 682 λόγον
765 585 953 680 σωζόμενος
971 589 1203 682 σωζομένουω

1 779 2 782 ¹
49 699 109 764 τοῦ
120 689 334 784 πράγματος,
365 687 436 760 ουίι
452 685 521 762 οίδε
536 690 581 763 δέ.
617 687 693 762 οὐδ’
712 687 778 782 άρα
792 687 956 783 πρότερον
970 685 1054 782 ᾔδει.
1089 693 1118 762 εί
1128 691 1165 763 δέ

1 865 2 872 ,
52 791 96 892 μὴ
118 794 307 886 ἔφθαρται,
336 791 501 884 ἐνδέχεται
525 793 561 864 δέ
583 796 773 888 φθαρῆναι,
799 788 837 862 τδ
854 797 1038 885 συμβαῖνον
1059 787 1100 863 άν
1115 794 1166 889 είη

1 886 3 894 ’
52 891 198 969 δυνατόν
215 896 279 966 παλ
296 893 520 987 ἐνδεχόμενον.
554 890 627 965 ἄλλ’
641 893 729 965 ἔστιν
745 890 913 966 άδὺνατον
927 889 1035 982 οὕτως
1051 893 1165 986 έχοντα

53 999 184 1070 εἶδέ-ναι.
501 1005 504 1008 ’

118 1096 234 1169 Ὅταν
252 1095 315 1186 μέν
329 1082 394 1165 οὖν
409 1089 451 1166 τό
464 1093 687 1187 συμπέρασμα
703 1092 738 1180 ἐξ
751 1092 897 1220 άνάγιιης
911 1082 947 1188 ἦ,
972 1090 1074 1166 οὐδέν
1094 1121 1161 1164 αω-
1176 1121 1203 1172 p.
1216 1101 1252 1155 ⁷⁵

53 1199 129 1273 λόει
143 1195 187 1271 τό
209 1195 318 1289 μέσον
339 1191 385 1291 μὴ
401 1191 582 1290 α’ναγιιαῐον
597 1189 690 1284 εἶναι,
716 1194 759 1268 δι’
774 1223 818 1267 ου
839 1195 988 1291 ἐδείχθη·
1014 1195 1081 1267 έστι
1101 1192 1164 1290 γάρ

52 1300 91 1374 τὸ
114 1299 308 1394 άναγιιαῖον
330 1299 386 1386 καί
406 1295 452 1392 μη
478 1295 513 1382 ἐξ
533 1294 719 1392 άναγκαίου
739 1299 1018 1393 συλλογίσασθαι,
1053 1292 1165 1392 εόσπερ

54 1405 111 1476 ποί
134 1401 273 1498 ἀληθές
296 1395 343 1494 μὴ
365 1395 401 1482 ἐξ
418 1398 566 1495 άληθων.
614 1395 696 1471 όταν
719 1402 755 1471 δέ
779 1396 819 1470 τό
835 1399 938 1492 μέσον
955 1395 990 1484 έξ
1007 1395 1165 1496 άνάγιιης,

56 1506 115 1576 παλ
145 1501 189 1576 τὸ
226 1501 452 1592 συμπέρασμα
486 1497 521 1584 ἐξ
561 1497 717 1596 άνάγαης.
778 1497 888 1594 ὥσπερ
929 1501 986 1570 ααλ
1018 1497 1053 1586 ἐξ
1082 1498 1192 1598 ἄλη-ε

1 1655 3 1668 ›
56 1613 131 1678 θῶν
139 1597 1167 1700 άληθέςάεί.έστωγάρτδΑαατάτοῦίίέξάνάγαης,καλτοῦτο

56 1705 142 1779 κατὰ
164 1709 238 1777 τοὺ
254 1708 302 1774 Γ·
337 1699 515 1796 άναγκαῖον
535 1704 651 1776 τοίνυν
674 1705 730 1774 καί
755 1699 793 1774 τό
816 1709 844 1774 Α
866 1709 915 1804 Ιτῷ
941 1708 976 1773 Γ
993 1699 1166 1796 ὑπάρχειν.

58 1805 144 1882 ὅταν
165 1808 208 1878 δὲ
230 1801 280 1900 μὴ
302 1791 524 1897 α’ναγιιαῖονῇ
553 1801 593 1875 τό
616 1804 854 1898 συμπέρασμα,
889 1802 972 1876 οὐδὲ
1000 1801 1040 1876 τό
1065 1805 1168 1896 μέσον

57 1909 250 2005 ἀναγκαῖον
277 1900 348 1977 οἷόν
371 1902 398 1976 τί
419 1899 510 1977 εἶναι.
550 1905 632 1977 ἔστω
655 1902 816 2001 γάρτόΑ
839 1911 888 2004 τῷ
904 1901 996 2001 Γμή
1014 1902 1048 1992 ἐξ
1061 1903 1166 2001 άνάγ-
1227 1941 1237 1950 -·

57 2040 125 2109 πης
146 2007 327 2100 ὑπάρχειν,
352 2011 401 2106 τῷ
425 2006 460 2078 δέ
473 2010 512 2092 Β,
538 2008 713 2078 καὶτοῦτο
736 2011 785 2107 τῷ
807 2012 842 2077 Γ
857 2004 892 2092 ἐξ
914 2005 1076 2103 άνάγκης·
1111 2009 1208 2078 ναίω

57 2112 101 2186 τὸ
125 2119 155 2184 Α
176 2107 246 2200 ἄρα
271 2113 318 2208 τῷ
342 2112 377 2178 Γ
394 2105 430 2192 ἐξ
451 2105 596 2204 άνάγιιης
618 2105 768 2201 ὑπάρξει.
817 2105 887 2179 άλλ’
911 2107 975 2202 οὑχ
1002 2107 1167 2180 ὑπέκειτο.

60 2216 134 2288 ἐπεί
146 2213 269 2285 τοίνυν
283 2213 313 2282 εί
327 2209 495 2280 ἐπίσταται
513 2205 758 2300 α’ποδειατικως,
785 2214 836 2281 δεῖ
848 2207 882 2296 ἐξ
895 2208 1041 2306 άνάγαης
1055 2207 1169 2302 ὑπάρ-

1 2332 2 2335 ’
60 2343 144 2410 χειν,
172 2319 283 2408 δῆλον
300 2306 351 2382 ὅτι
366 2312 423 2381 καὶ
440 2307 494 2382 διά
516 2311 623 2403 μέσου
647 2309 832 2405 άναγααίου
845 2315 896 2382 δεῖ
909 2313 991 2404 έχειν
1004 2309 1066 2408 τὴν
1081 2308 1169 2382 άπό-

63 2414 177 2502 δειξιν·
195 2409 299 2509 ἢοάιι
316 2410 524 2508 ἐπιστήσεται
536 2410 614 2485 οάτε
624 2411 707 2485 διότι
723 2409 802 2483 οὔτε
816 2406 1170 2507 ότιάνάγιιηέκεῖνοεί-

63 2547 132 2604 ναι,
160 2511 275 2610 ἀλλ’ἢ
298 2511 447 2608 οίήσεται
463 2511 528 2585 οὑν
543 2513 652 2602 είδοίς,
679 2509 737 2585 ἐάν
755 2509 912 2606 ὑπολάβη
928 2509 974 2600 ὡς
989 2509 1171 2606 άναγααίον
1183 2519 1209 2576 ιι
1314 2577 1317 2586 ,

65 2615 169 2713 τὸμὴ
189 2614 380 2710 άναγκαῖον,
406 2611 432 2710 ἢ
447 2612 522 2686 οὐδ’
538 2615 688 2712 οίήσεται
704 2611 836 2708 ὁμοίως,
861 2613 918 2687 έάν
932 2641 966 2687 τε
980 2611 1019 2686 τό
1036 2609 1089 2686 ότι
1100 2615 1172 2707 είδῇ

69 2718 126 2792 διὰ
143 2719 254 2812 μέσων
269 2715 329 2788 έιίν
343 2742 376 2787 τε
390 2713 430 2787 τό
452 2715 537 2788 διότι
551 2718 608 2787 καί
624 2714 667 2788 δι’
683 2713 824 2809 άμέσοιν.
1148 2711 1152 2718 ’

147 2825 227 2892 Τῶν
247 2820 283 2890 δὲ
303 2816 561 2914 συμβεβηκότων
578 2815 624 2914 μὴ
650 2816 730 2890 καθ’
758 2815 856 2906 αὑτά,
882 2803 922 2889 δῖ)
943 2814 1070 2910 τρόπον
1091 2820 1171 2888 διω·

76 2922 179 3019 ρίσθη
192 2918 233 2992 τά
250 2917 332 2992 καθ’
348 2915 443 3006 αὑτά,
461 2916 529 2990 οὑν
538 2920 624 2992 έστιν
635 2918 794 3016 ἐπιστήμη
802 2917 1021 3015 ἀποδεικτική.
1048 2913 1095 2989 οὑ
1107 2915 1171 3012 γάρ

80 3022 159 3096 ’ἔστιν
193 3019 228 3107 ἐξ
259 3015 407 3116 άνάγιιης·
430 3017 532 3104 δεῖξαι
556 3017 595 3092 τό
623 3021 861 3114 συμπέρασμα·
881 3017 935 3091 ’τό
963 3017 1211 3118 συμβεβηνδςω

82 3122 137 3215 γάρ
158 3124 319 3216 ἐνδέχεται
341 3120 388 3219 μὴ
410 3119 589 3214 ὑπάρχειν·
615 3123 690 3214 περί
711 3121 873 3194 τοιούτου
892 3119 955 3217 γάρ
975 3122 1060 3216 λέγω
1084 3116 1172 3213 σαμε

0 3271 4 3304 ι
87 3224 265 3321 βεβηκότος.
300 3224 409 3294 καίτοι
423 3221 625 3320 ἀπορήσειεν
640 3221 682 3294 άιν
695 3252 745 3312 τις
759 3226 840 3312 ἴσως
856 3223 945 3310 τίνος
960 3222 1053 3294 ένειια
1067 3229 1174 3303 ταῦτα

90 3328 129 3396 δεῖ
139 3328 262 3420 ἐρωτᾶν
273 3326 349 3420 περί
362 3324 502 3413 τούτων,
528 3327 556 3397 εί
570 3321 616 3421 μὴ
633 3323 760 3422 άνάγιιη
775 3322 815 3397 τό
836 3323 1059 3418 συμπέρασμα
1074 3317 1173 3395 εἶναι’

92 3424 176 3501 οὐδέν
188 3425 256 3528 γάρ
268 3426 419 3522 διαφέρει
434 3429 468 3499 εί
475 3454 525 3516 τις
537 3425 695 3522 ἐρόμενος
708 3424 748 3499 τά
761 3425 907 3521 τυχόντα
923 3421 990 3498 εἶτα
1003 3429 1120 3499 εἴπειεν
1132 3421 1173 3500 τό

94 3613 278 3628 *—

146 3721 177 3772 34
196 3716 265 3776 ον’δέ
288 3711 344 3792 ἄρα
362 3715 499 3787 πρότερον
520 3719 549 3772 G.
569 3746 603 3759 -
627 3719 660 3772 35
679 3715 733 3787 έχει
754 3718 783 3770 F.
800 3745 834 3757 -
859 3714 1016 3788 σωζόμενον
1040 3733 1065 3771 σ.
1084 3721 1120 3785 cs,
1145 3733 1177 3788 pr

97 3784 181 3836 δω-
199 3791 232 3840 37
251 3785 283 3841 δέ
302 3807 345 3839 om
364 3806 395 3854 pr
414 3789 445 3838 Β.
464 3815 498 3826 -
518 3787 561 3854 εἴη
580 3786 627 3840 καί
646 3785 771 3841 δυνατόν
793 3788 821 3838 C.

146 3854 211 3908 ⁷522
229 3855 280 3910 τὸν
301 3858 330 3908 C.
348 3883 382 3896 —
409 3857 424 3906 3
449 3853 478 3920 έξ
502 3853 662 3922 ἀναγκαίων
685 3873 711 3906 ω.
730 3884 765 3896 -
789 3848 882 3924 ὥσπερ
906 3873 967 3906 corr
988 3857 1013 3921 s.
1035 3882 1066 3892 -
1091 3855 1108 3906 4
1130 3855 1177 3909 κοιλ

97 3936 128 3970 om
147 3927 170 3988 f.
189 3954 218 3963 -
245 3927 262 3975 5
285 3944 316 3992 pr
341 3923 388 3976 καί
412 3939 456 3974 om
472 3925 507 3974 A.
533 3951 567 3966 ·-
591 3926 630 3976 alt
655 3923 703 3976 ιιαλ
731 3942 792 3975 corr
810 3927 836 3989 f.
854 3951 889 3962 -·
913 3923 927 3974 7
953 3921 1072 3991 ὑπάρχει
1099 3923 1124 3973 δ.
1142 3953 1178 3964 -

98 3988 122 4040 10
135 3993 216 4046 τοῦτο
236 3989 297 4046 οίον
315 3992 347 4046 τὸ
367 3993 383 4058 β
402 3993 440 4062 τῷ
459 3992 517 4058 γά.
535 4017 570 4033 -
597 3987 815 4059 1λεί]δα.-
846 3993 878 4044 13
895 3989 982 4058 μέσου
1000 3988 1069 4058 όρου
1087 3989 1177 4060 α’ναγ-

98 4061 163 4113 τοίου
179 4078 205 4112 ιι.
224 4089 260 4102 -
287 4063 317 4113 14
342 4061 407 4114 οὔτε
429 4059 461 4113 τό
482 4054 527 4114 ότι
547 4063 585 4113 Μ.
601 4089 635 4100 -
660 4059 748 4114 έκεῖνο
774 4058 882 4126 α’νάγιιη
908 4060 933 4110 d.
952 4087 984 4098 -
1011 4061 1042 4113 16
1066 4055 1084 4128 ἢ
1108 4057 1178 4122 ὅλως

99 4122 146 4180 τόδ’
165 4131 201 4181 Μ.
220 4157 252 4170 -
280 4131 312 4182 17
329 4125 377 4182 διά
395 4127 486 4197 μέσων
507 4131 543 4180 Μ.
564 4156 595 4166 -
614 4131 649 4194 21
670 4129 736 4200 περὶ
753 4129 805 4182 τοῦ
821 4123 955 4182 τοιοότου
974 4129 1125 4196 ΒθΜοραβ.
1144 4157 1176 4172 -·

98 4191 169 4275 ⁹25⁹
185 4217 227 4260 τις
245 4216 288 4250 om
311 4199 339 4250 0.
358 4225 392 4238 -
410 4197 477 4258 ἴσως
495 4193 533 4257 οἷς
549 4197 625 4259 τίνος
643 4199 718 4250 B.-
737 4197 825 4262 τίνος]
843 4192 943 4264 τοῦδ’
963 4199 1036 4250 Μ-
1053 4198 1087 4271 fil
1106 4194 1178 4267 έρωε

100 4277 203 4330 τωμενος
219 4265 255 4322 τά
276 4267 315 4318 Μ.
336 4295 371 4306 -›
388 4265 463 4320 είποι
484 4263 513 4318 έν
531 4265 571 4334 τῷ
591 4268 627 4333 Μ,
646 4266 723 4320 εἴποι
739 4261 771 4320 δν
790 4263 821 4319 τὸ
842 4283 901 4316 corr
917 4283 963 4320 α.
