2724 4748
242 305 285 366 48
456 291 462 306 “
640 305 945 360 mmmm

245 448 505 541 οόδένκωίιόειν,
513 451 585 524 τότε
593 448 869 542 δοξάζειν,δςτοῦ
874 442 1345 548 μέντοιοδτουδόξανοάσακ,

243 560 308 626 τοῦ
325 549 355 625 δ’
373 551 555 647 ἀναγκαίου
571 553 762 650 ἐπιστήμην.

322 659 405 743 Πῶς
420 645 485 728 οὖν
500 657 566 728 έστι
586 653 626 728 τό
643 653 727 727 ου’τδ
742 653 881 741 δοξάσαι
897 656 954 726 καί
976 655 1185 743 ἐπίστασθαι,
1210 657 1268 728 καὶ
1286 652 1348 728 διά

243 757 275 827 τί
289 754 355 828 οάκ
368 759 457 828 έσται
474 753 496 854 ή
512 755 594 842 δόξα
609 755 781 853 ἐπιστήμη,
808 759 842 828 εί
850 786 900 845 τις
916 759 1017 854 θήσει
1033 753 1123 828 άπαν
1141 755 1160 830 δ
1178 752 1269 830 οἶδεν
1289 759 1346 832 έν·

245 859 400 952 δέχεσθαι
414 857 583 948 δοξάζειν,·
607 855 835 955 ἀκολουθήσει
849 856 912 953 γάρ
932 855 951 930 δ
966 861 1025 950 μέν
1040 855 1134 948 είδοίς
1150 857 1170 930 ὁ
1187 862 1223 931 δε
1238 858 1348 946 δοξά-

246 965 309 1048 ζων
334 958 389 1032 διά
414 967 482 1032 τοῖν
506 961 630 1054 μέσων,
655 961 717 1048 ἕως
743 963 789 1050 εἰς
813 958 853 1030 τά
879 958 984 1053 ἀμεσα
1009 961 1109 1052 έίθη,
1147 957 1223 1032 ὥστ’
1249 965 1348 1054 είπεμ

206 1063 366 1149 ιεέκεῖνος
391 1058 469 1147 οἶδε,
494 1060 595 1134 καὶὸ
620 1061 767 1150 δοξάζων
792 1057 889 1134 οἶδεν.
922 1058 1031 1152 ὥσπερ
1056 1058 1119 1156 γάρ
1144 1065 1201 1134 καὶ
1225 1059 1264 1134 τό
1292 1059 1349 1135 ότι

243 1162 392 1251 δοξάζειν
418 1165 494 1249 ἔστι,
518 1166 574 1234 καὶ
600 1161 640 1235 τό
666 1163 768 1236 διότι·
794 1170 897 1235 τοῦτο
922 1165 957 1234 δὲ
982 1161 1022 1234 τό
1048 1165 1160 1255 μέσον.
1193 1159 1266 1261 ήεί
1279 1167 1345 1257 μὲν

242 1263 350 1353 οὕτως
375 1262 583 1361 δπολήήεται
615 1261 655 1336 τά
689 1264 735 1362 μή
762 1264 953 1358 ἐνδεχόμενα
984 1262 1092 1352 άλλως
1117 1267 1198 1359 ἔχειν
1225 1261 1347 1360 ὥσπερ

242 1368 324 1460 ἔχειν
344 1364 426 1454 τοδς
442 1364 607 1458 δρισμοδς
622 1364 664 1437 δι’
679 1358 726 1439 οἷν
741 1368 775 1437 αἱ
789 1364 980 1454 ἀποδείξεις,
994 1365 1040 1438 ου’
1048 1365 1180 1452 δοξάσει
1188 1364 1260 1438 ἀλλ’
1267 1369 1350 1440 ἐπι-

245 1468 418 1563 στήσεται·
445 1471 473 1540 εί
490 1467 520 1539 δ’
535 1467 651 1563 ἀληθή
664 1471 723 1560 μέν
738 1463 838 1555 είναι,
865 1467 911 1540 οά
924 1471 1036 1561 μέντοι
1053 1467 1205 1563 ταῦτάγε
1222 1467 1349 1558 αὐτοῖς

203 1567 405 1662 εοδπάρχειν
428 1567 498 1640 κατ’
522 1567 644 1642 οὐσίαν
669 1573 724 1642 καί
747 1566 830 1640 κατά
850 1567 890 1642 τά
916 1566 1014 1659 εἶδος,
1040 1568 1173 1655 δοξάσει
1192 1573 1250 1641 καὶ
1272 1570 1349 1644 οάιτ

243 1671 448 1765 ἐπιστήσεται
474 1669 621 1767 ἀληθείς,
647 1673 704 1743 καὶ
727 1668 767 1743 τό
795 1667 848 1743 ὅτι
873 1673 931 1742 καὶ
954 1667 994 1743 τό
1014 1671 1109 1758 διότι,
1136 1669 1192 1744 έάν
1207 1674 1268 1765 μέν
1283 1670 1348 1745 δαὶ

241 1778 307 1844 τῶν
332 1771 462 1865 ἀμέσων
487 1770 629 1864 δοξάση·
661 1771 720 1845 ἐάν
745 1774 780 1843 δέ
806 1769 852 1868 μή
878 1769 933 1844 διά
956 1778 1021 1844 τῶν
1047 1771 1193 1864 ἀμέσων,
1213 1771 1258 1848 ,τδ
1286 1771 1348 1848 ὅτι

241 1873 345 1966 μόνον
360 1871 500 1960 δοξάσει.
540 1881 605 1946 τοῦ
621 1870 651 1945 δ’
667 1872 778 1947 ου’τοιῑ
792 1872 874 1960 δόξα
893 1876 950 1945 καὶ
967 1873 1127 1971 ἐπιστήμη
1143 1873 1188 1948 οά
1205 1875 1347 1964 πάντως

241 1976 344 2062 ἐστίν,
382 1973 452 2047 ἀλλ’
476 1970 585 2067 ὥσπερ
605 1976 661 2046 καὶ
682 1973 812 2072 ψευδής
826 1979 882 2047 καὶ
904 1973 1036 2072 ἀληθής
1050 1983 1113 2048 τοῦ
1130 1975 1241 2050 αὐτοῦ
1255 1978 1344 2069 τρό*

202 2103 229 2148 τε
241 2101 306 2148 πον
318 2077 400 2162 τινά,
426 2072 516 2149 οὕτω
537 2079 593 2148 καὶ
610 2077 773 2174 ἐπιστήμη
794 2079 849 2148 καὶ
864 2075 948 2162 δόξα
962 2085 1026 2149 του
1044 2075 1164 2150 αὐτοῦ.
1201 2081 1260 2150 καὶ
1274 2077 1342 2174 γάρ

241 2176 343 2264 δόξαν
371 2176 486 2276 ’άληθή
510 2180 567 2250 καὶ
592 2183 704 2277 ιίιευδή
729 2177 774 2266 ὡς
798 2179 858 2272 μέν
882 2206 966 2266 τινες
990 2180 1125 2273 λέγουσι
1140 2186 1206 2252 τοῦ
1224 2179 1347 2254 αὐτοῦ

239 2276 339 2368 εἶναι,
373 2278 482 2352 άτοπα
512 2281 686 2372 συμβαίνει
719 2283 884 2372 αἱρεῖσθαι
917 2278 1002 2352 ἀλλα
1026 2309 1059 2352 τε
1084 2283 1141 2352 καὶ
1165 2278 1211 2377 μή
1236 2281 1342 2368 δοξά-

189 2414 197 2436 ·
240 2387 306 2472 ζειν
331 2377 351 2454 δ
377 2381 505 2472 δοξάζει
525 2387 669 2470 ήευδοῖς.
711 2384 779 2455 ἐπεὶ
804 2385 840 2454 δὲ
864 2379 904 2454 τό
928 2379 1021 2455 αάτδ
1037 2388 1230 2477 πλεοναχῶς
1244 2386 1338 2478 λέγε-

238 2513 309 2574 ται,
342 2485 410 2556 έστι
433 2487 492 2577 μὲν
517 2482 562 2572 οδς
587 2486 763 2578 ἐνδέχεται,
801 2486 867 2556 έστι
891 2482 931 2560 δ’Χ
946 2483 991 2573 ὡς
1018 2481 1074 2558 οὔ.
1122 2483 1162 2556 τό
1188 2484 1340 2581 μὲνγὰρ

200 2616 227 2659 ιο
240 2587 428 2679 σύμμετρον
455 2581 536 2658 εἶναι
569 2583 630 2682 τήν
655 2586 829 2677 διάμετρον
854 2584 993 2682 ἀληθῶς
1019 2583 1167 2675 δοξάζειν
1193 2585 1334 2660 ἄτοπον·

239 2685 311 2758 ἀλλ’
327 2684 377 2759 ὅτι
397 2685 420 2782 ή
441 2687 623 2780 διάμετρος,
649 2690 726 2780 περὶ
750 2684 792 2784 ἣν
806 2689 840 2758 αἱ
857 2687 961 2775 δόξαι,
986 2685 1025 2759 τό
1043 2686 1140 2775 αάτό,
1167 2679 1257 2760 οὕτω
1270 2695 1334 2762 τοῦ

239 2786 359 2874 αὐτοῦ,
385 2787 424 2859 τό
440 2790 475 2860 δὲ
491 2791 525 2859 τί
537 2777 580 2883 ήν
595 2783 677 2858 εἶναι
692 2789 832 2888 ἑκατέρῳ
846 2785 929 2860 κατά
939 2786 997 2862 τόν
1011 2788 1115 2882 λόγον
1130 2787 1175 2861 οό
1187 2787 1226 2862 τό
1238 2789 1332 2864 αὐτό.

237 2887 360 2982 ὁμοίως
385 2890 420 2961 δὲ
446 2892 502 2960 καὶ
529 2888 692 2985 ἐπιστήμη
716 2891 773 2960 καὶ
798 2887 879 2975 δόξα
903 2897 968 2962 τοῦ
993 2888 1111 2963 αὐτοῦ.
1151 2888 1254 2987 ήμέν
1271 2889 1334 2988 γάρ

237 2988 345 3077 οὕτως
369 2996 433 3062 τοῦ
460 2989 550 3090 ζῴου
576 2986 659 3062 όίστε
684 2987 730 3087 μή
755 2991 947 3084 ἐνδέχεσθαι
970 2990 1017 3089 μή
1039 2989 1123 3064 εἶναι
1143 2997 1239 3092 ζῷον,
1264 2991 1334 3091 ἡδ’

198 3121 225 3166 ιε
237 3089 313 3164 ὥστ’
329 3093 527 3184 ἐνδέχεσθαι.
573 3087 645 3164 οἷον
661 3095 689 3165 εί
711 3090 734 3189 ή
758 3095 816 3186 μέν
838 3090 920 3187 ὅπερ
938 3092 1123 3188 άνδροίπου
1141 3095 1237 3182 ἐστίν,
1263 3094 1288 3193 ή
1305 3093 1334 3168 δ’

237 3192 424 3285 ἀνθρώπου
437 3194 505 3285 μέν,
532 3191 578 3290 μή
595 3189 675 3282 ὅπερ
692 3192 721 3266 δ’
735 3192 928 3291 ἀνθρώπου.
972 3193 1011 3269 τό
1028 3193 1112 3269 αότδ
1129 3193 1192 3292 γάρ
1207 3193 1258 3270 ὅτι
1273 3195 1334 3271 άν-

235 3304 390 3389 θρωπος,
416 3293 455 3368 τό
470 3293 500 3368 δ’
516 3292 561 3384 ὡς
576 3293 620 3368 οὐ
634 3293 673 3368 τό
690 3295 786 3370 αὐτό.
1054 3323 1055 3326 ’

304 3489 319 3539 9
338 3483 438 3540 κωλύει
459 3487 556 3568 ΟήΜμ,
575 3506 634 3539 corr
652 3507 719 3542 n.-
736 3501 797 3557 post
814 3487 939 3554 δοξάζειν
958 3478 1070 3556 spatium
1088 3489 1207 3540 relictum
1221 3492 1334 3575 estplus

232 3558 309 3607 unius
328 3575 356 3606 vs
374 3557 400 3619 d,
419 3555 554 3619 δοξάζειν.
577 3559 609 3620 B,
627 3559 670 3624 qui
690 3554 727 3616 οἷς
744 3558 797 3610 τοῦ
815 3577 883 3608 corr.
900 3585 932 3596 -
953 3561 985 3610 12
1004 3554 1077 3610 ἔστιν
1096 3559 1143 3609 Dc.
1162 3587 1193 3596 -
1217 3562 1247 3612 13
1261 3580 1335 3612 ακο-

232 3625 370 3679 λουθοδσι
389 3625 575 3692 ABcdsuMup.
596 3653 628 3662 —
650 3629 680 3678 14
698 3623 734 3679 τά
751 3625 821 3693 μέσα
841 3646 871 3692 pr
887 3643 912 3677 κ.
932 3655 963 3666 --
984 3623 1062 3680 έλθοι
1078 3627 1119 3684 Μ.
1138 3655 1173 3667 -
1195 3628 1224 3677 16
1244 3628 1334 3694 δοξά-

233 3691 417 3758 ζειν...διο’τι
436 3711 464 3743 rc
483 3711 525 3758 mg
541 3711 567 3744 τι.
586 3721 620 3733 ·-
646 3696 677 3747 18
696 3693 750 3762 ἔχει
769 3697 948 3763 ABDcdfupu.
967 3725 999 3733 —
1031 3685 1066 3748 οδ
1086 3697 1116 3746 B.
1137 3723 1166 3733 —
1186 3694 1217 3747 αἱ
1237 3715 1279 3747 om
1300 3701 1333 3751 D.

232 3795 264 3804 -
285 3763 317 3814 19
335 3759 471 3833 ὑπάρχειν
490 3757 587 3822 ου’τοῖς
607 3763 637 3813 D.
662 3791 696 3802 -
724 3765 758 3814 20
774 3759 894 3832 δτιάμχει
912 3764 949 3816 Μ.
971 3791 1006 3802 -
1028 3765 1060 3816 21
1080 3763 1117 3812 alt
1143 3759 1175 3816 τό
1195 3783 1237 3815 om
1256 3785 1283 3818 τι.
1299 3793 1335 3807 -

231 3830 281 3898 μὲν
300 3849 358 3882 corr
374 3849 399 3882 κ.
419 3861 451 3872 -
470 3833 503 3882 22
521 3828 671 3916 δοξάοη..,
682 3829 791 3898 ἀμέσων
808 3851 837 3918 ομ
850 3851 890 3899 mg
904 3849 930 3884 τι.
949 3861 982 3872 -
1001 3828 1113 3897 δοξάσει
1124 3833 1168 3898 Df,
1187 3861 1222 3872 -·
1239 3836 1334 3889 2300-

236 3961 306 4034 ξάσῃ
320 3968 351 4031 A,
372 3986 432 4018 corr
444 3985 470 4035 p.
489 3996 523 4008 -
539 3921 654 4032 ψευδέῖς
670 3965 718 4018 καί
736 3920 852 4030 ἀληθέίς
872 3970 903 4021 Β.
922 3999 955 4008 -
973 3969 1006 4020 27
1019 3964 1126 4021 ἄτοπον
1136 3969 1287 4022 ΑΒΠδυΜ.
1299 3999 1335 4010 -

235 4036 365 4117 εἰρῆσθαι
384 4054 424 4104 ομ,
443 4054 504 4087 corr
523 4037 570 4102 An,
589 4033 715 4106 έρεῖσθαι
733 4037 807 4089 διιΜ.
826 4065 858 4076 -
877 4038 911 4089 28
929 4035 989 4090 ἐπεὶ
1008 4055 1069 4087 corr
1085 4055 1109 4087 ιι.
1130 4065 1161 4076 -
1180 4037 1214 4088 29
1233 4055 1265 4106 pr
1281 4037 1335 4106 μὲν

235 4189 276 4222 orn
295 4173 386 4224 13ch
400 4181 428 4222 et
444 4189 476 4237 pr
492 4171 557 4222 Anu.
578 4201 610 4210 -
630 4173 663 4223 30
680 4164 856 4244 ἀσύμμετρον
872 4191 905 4241 pr
922 4175 995 4226 Anu.
1015 4202 1048 4212 -
1066 4103 1228 4240 δὶαέδόέάζε
1247 4176 1282 4226 D.
1299 4206 1333 4216 -

234 4242 268 4361 gg
286 4237 519 4377 ἑηάηεὲρηιοήίῂ-
543 4237 590 4308 τά]
608 4234 627 4310 ἢ
645 4241 683 4294 Μ.
708 4269 743 4284 -
766 4244 799 4296 33
817 4243 847 4298 δὲ
865 4259 908 4294 om
928 4244 961 4294 D.
985 4270 1018 4284 -
1041 4244 1075 4296 35
1098 4236 1172 4312 ὥστ’]
1192 4241 1231 4306 νίς
1251 4246 1283 4298 D.
1297 4273 1336 4290 .-
