2768 4754
464 330 675 382 νεναναα
700 333 729 382 13.
1111 331 1153 395 τε

63 477 144 573 φέρει
163 473 192 548 δ’
211 474 320 548 ου’δέν
342 477 397 548 έπλ
412 483 544 550 πολλῶν
566 474 594 576 ἢ
614 475 735 572 ὀλίγων
756 473 848 550 οὕτω
861 487 987 552 ποιεῖν·
1013 476 1053 552 τὸ
1067 477 1152 554 αὐτὰ

63 579 114 675 γάρ
130 580 224 651 ἐστιν.
272 576 520 672 ἀσυλλόγιστος
535 581 595 672 μέν
616 567 681 651 σάν
703 581 760 650 καί
774 577 798 676 ἦ
813 586 932 676 χρῆσις
946 582 1066 672 γίνεται
1082 591 1152 670 τοῖς

64 679 140 754 οὕτω
162 686 316 779 μετιοῦσι
339 683 397 752 καὶ
412 686 480 752 τοῖν
503 680 719 776 ἐνδεχομένων
732 686 1010 778 συλλογισθῆναι.
1042 685 1075 754 τί
1087 681 1151 779 γάρ

63 786 170 855 κωλύει
187 787 291 854 τοῦτο
306 779 433 878 α’λιρθὶς
455 784 515 875 μὲν
532 781 573 856 τὸ
594 789 663 854 πᾶν
678 778 760 855 εἶναι
773 781 857 854 κατὰ
871 789 934 856 τοῦ
950 781 1150 877 άνθρσίπου,
1161 810 1188 856 σε

63 883 99 982 μὴ
108 886 216 977 μέντοι
238 881 287 954 τὰ
297 885 330 954 τί
344 885 414 956 ἐστι
430 887 512 980 μηδὲ
528 882 569 956 τὸ
584 887 617 956 τί
631 875 676 979 ἦν
690 879 771 956 είναι
791 889 921 982 δηλοῦν
930 915 943 970 ,·
976 886 1022 958 έτι
1034 888 1066 956 τί
1079 915 1150 958 κω-

64 987 124 1059 λάει
137 983 160 1082 ἢ
173 987 378 1076 προσθεῖναί
388 1013 419 1058 τι
433 982 458 1084 ἢ
474 984 608 1081 άφελεῖν
626 982 652 1082 ἢ
667 983 926 1083 ὑπερβεβηκέναι
939 984 1151 1082 τῆςοιίσίαςς

129 1093 247 1160 Ταῦτα
273 1089 333 1179 μέν
355 1075 421 1160 οὖν
449 1091 597 1181 παρέστω
619 1089 694 1179 μέν,
730 1089 891 1181 ἐνδέχεται
916 1089 952 1160 δέ
977 1093 1079 1160 λῦσαι
1104 1095 1151 1188 τῷ

66 1189 225 1283 λαμβάνειν
249 1189 284 1260 ἐν
304 1195 351 1290 τῷ
370 1191 403 1260 τί
422 1190 488 1260 ἐστι
511 1189 635 1276 πάντα,
667 1191 724 1260 καλ
746 1186 786 1261 τό
805 1187 926 1285 ἐφεξῆς
938 1195 979 1280 τῇ
994 1189 1151 1282 διαιρέσει

25 1323 27 1326 ·
68 1301 163 1379 ποιεῖν,
191 1289 392 1383 αἰτούμενον
404 1289 442 1362 τδ
456 1297 600 1382 πρσῖτον,
614 1291 670 1362 ιιαλ
685 1293 1023 1386 μηδένπαραλείπειν.
1049 1297 1189 1364 τοῦτοιο

73 1391 92 1464 δ’
110 1392 293 1487 ἀναγκαῖον,
320 1389 445 1484 ἄτομον
460 1391 523 1486 γάρ
541 1396 618 1465 είδει
636 1397 689 1464 δεῖ
702 1387 792 1464 εἶναι.
828 1390 912 1464 α’λλά
925 1390 1151 1488 συλλογισμός

80 1490 142 1586 ὅμως
152 1492 222 1566 οὐκ
236 1495 370 1581 ἔνεστιν,
394 1492 465 1566 ἄλλ’
478 1498 585 1586 εἴπερ,
612 1491 854 1587 ἄλλοντρόπον
867 1496 1037 1589 γνωρίζειν
1053 1503 1152 1568 ποιεῖ.

79 1600 118 1667 καί
149 1603 255 1668 τοῦτο
295 1597 354 1688 μέν
402 1595 502 1668 οὐδὲν
548 1595 691 1668 ἄτοπον·
743 1594 823 1668 οὐδὲ
863 1593 925 1691 γάρ
964 1593 984 1668 ὁ
1025 1598 1152 1690 ἐπάγων

73 1699 132 1786 ίσως
161 1696 418 1780 ἀποδείκνυσιν,
460 1695 532 1768 ἄλλ’
571 1693 660 1789 ὅμως
701 1702 802 1794 δηλοῖ
832 1723 871 1769 τι
923 1696 1152 1793 συλλογισμόν

69 1797 93 1869 δ’
107 1796 148 1872 σά
168 1801 257 1894 λέγει
281 1797 301 1870 ὁ
324 1800 360 1870 έιι
382 1805 443 1895 τῆς
463 1799 652 1890 διαιρέσεως
676 1799 780 1892 λέγων
800 1795 861 1870 τὸν
886 1796 1036 1892 ὁρισμόν.
1082 1797 1187 1872 ὥσ-ιε

65 1921 115 1995 περ
137 1899 202 1995 γάρ
231 1902 270 1988 έν,
290 1909 361 1988 τοῖς
385 1900 641 1993 συμπεράσμασι
665 1909 735 1987 τοῖς
759 1898 841 1973 ἄνευ
865 1907 930 1972 τοῖν
948 1903 1066 1994 μέσων,
1093 1902 1150 1976 ἐάν

64 2030 104 2090 τις
126 2006 199 2094 είπιγ
231 1999 284 2074 ὅτι
317 2000 446 2074 τούτοιν
478 2000 582 2074 ὄντοιν
607 2000 734 2098 άνάγιιιγ
759 2004 832 2074 τοδὶ
858 1997 956 2090 εἶναι,
991 2004 1150 2097 ένδέχεται

63 2105 213 2201 ἐρωτῆσαι
229 2102 285 2175 διά
300 2107 341 2190 τί,
368 2101 475 2192 οὕτως
490 2107 546 2176 καὶ
561 2105 673 2191 ἐντοῖς
681 2109 891 2197 διαιρετιιιοῖς
901 2101 1002 2196 ὅροις.
1026 2107 1059 2176 τί
1063 2107 1150 2178 ἐστιν

62 2204 252 2298 άνδρωποςς
276 2204 511 2306 ζρῑονδνιγτόν,
527 2203 700 2288 οῗπόπουν,
712 2207 846 2290 δίπουν,
861 2203 1012 2296 ἄπτερον.
1039 2205 1151 2291 διάτί,·
1164 2243 1189 2292 p.
1200 2225 1235 2278 λε

61 2306 130 2400 παρ’
150 2307 290 2403 ἑκάστην
311 2307 514 2400 πρόσθεσιν·
550 2309 617 2399 ἐρεῖ
633 2306 706 2401 γάρ,
733 2309 790 2378 καί
809 2305 904 2392 δείξει
924 2314 966 2398 τῇ
984 2311 1150 2400 διαιρέσει,

62 2408 104 2498 αῖς
117 2413 228 2496 οἴεται,
255 2407 304 2481 ὅτι
319 2416 387 2481 πάν
400 2405 423 2505 ἢ
437 2405 567 2506 θνητὸν
583 2405 801 2506 ἢάθάνατον.
837 2405 907 2478 ὁδὶ
919 2414 1078 2496 τοιοῦτος
1089 2410 1151 2482 λό-

61 2537 113 2605 γος
129 2509 217 2598 άπας
231 2510 297 2584 οὐκ
311 2513 397 2584 ἔστιν
410 2509 561 2604 ὁρισμός.
590 2507 668 2582 πίστ’
678 2511 772 2582 είκαλ
786 2508 1000 2582 άπεδείιινιπο
1014 2515 1055 2602 τῇ
1064 2516 1150 2582 διαι-

62 2615 153 2704 ρέσει,
180 2611 251 2684 ἄλλ’
265 2610 284 2685 ὅ
299 2611 327 2708 γ’
343 2610 481 2706 ὁρισμός
495 2609 541 2684 οὕ
556 2609 778 2706 συλλογισμὸς
791 2613 921 2706 γίνεται.
1030 2625 1034 2636 ’
1163 2631 1177 2674 ⁶

129 2713 212 2786 Ἀλλ’
239 2703 304 2806 άρα
330 2716 396 2787 ἔστι
428 2717 487 2786 καὶ
514 2711 684 2799 ἀποδεῖξαι
710 2710 748 2784 τὸ
773 2715 806 2786 τί
830 2714 898 2785 ἐστι
922 2707 993 2783 κατ’
1018 2707 1189 2798 οὐσίαν,6

65 2814 93 2900 ἐξ
111 2813 310 2904 ὑποθέσεως
331 2818 383 2905 δέ,
414 2814 560 2908 λαβόντα
582 2811 622 2886 τό
637 2816 697 2906 μὲν
711 2815 744 2885 τί
762 2802 807 2911 ἦν
821 2809 904 2886 εἶναι
917 2809 957 2886 τὸ
977 2813 1012 2885 έιι
1032 2819 1097 2886 τοῖν
1117 2813 1152 2886 έν

66 2924 106 3015 τρῖ
119 2919 150 2988 τί
165 2919 251 2990 ἐστιν
268 2921 370 3005 ίδιον,
395 2919 470 2989 ταδὶ
493 2919 529 2988 δέ
550 2917 585 2987 ἐν
605 2923 651 3016 τῷ
671 2917 704 2988 τί
718 2917 786 2988 ἐστι
804 2915 907 3008 μόνα,
933 2917 988 2986 καλ
1009 2917 1095 2988 ἴδιον
1110 2912 1150 2988 τδ

68 3021 143 3102 πασς
173 3027 275 3092 τοῦτο
297 3019 360 3115 γάρ
378 3020 444 3091 ἐστι
464 3016 503 3090 τὸ
521 3012 602 3090 είναι
617 3019 739 3090 ἐκείνω.
773 3015 796 3114 ἢ
812 3018 913 3090 πάλιν
934 3020 1049 3113 εἴληφε
1069 3014 1108 3088 τὸ
1121 3019 1155 3090 τί

70 3108 106 3213 ἦν
128 3117 207 3194 εἶναι
231 3125 288 3194 καὶ
314 3123 349 3194 έν
371 3121 499 3221 τούτῳς
524 3117 652 3215 α’νάγιιη
676 3147 739 3214 γαρ
761 3117 817 3192 διά
833 3127 899 3192 τοῦ
914 3121 1020 3212 μέσου
1040 3117 1151 3204 δεῖξαι.
1164 3139 1190 3183 1⁰

73 3220 108 3292 ἔτι
127 3219 236 3314 ὥσπερ
258 3221 333 3296 οὐδ’
354 3224 388 3295 έν
414 3227 627 3322 συλλογισμῷ
646 3221 843 3314 λαμβάνεται
867 3223 899 3292 τί
918 3222 985 3293 έστι
1005 3219 1044 3292 τὸ
1068 3226 1152 3293 συλ-

128 3441 233 3490 22et33
251 3431 340 3492 σάθῖν
359 3440 390 3489 D.
404 3467 433 3476 -
453 3438 487 3489 23
505 3434 553 3488 καλ
571 3452 612 3486 σαι
624 3435 655 3485 D.
669 3463 697 3474 -·
718 3434 752 3484 24
769 3432 818 3486 καλ
829 3451 888 3486 corr
897 3452 967 3485 τα-
983 3434 1017 3483 25
1036 3425 1108 3508 είναγ
1121 3424 1152 3478 τὰ

84 3502 158 3558 πᾶιιι.
178 3537 209 3546 -
227 3509 260 3559 26
281 3504 336 3560 ἔστι
354 3523 383 3572 γε
401 3502 471 3572 μηδέ
493 3507 524 3556 D.
544 3533 578 3542 -
596 3514 648 3553 tert
666 3501 703 3570 πί]
723 3497 754 3554 τά
777 3505 812 3563 Μ,
832 3521 873 3554 σαι
895 3505 926 3555 D.
946 3531 980 3542 -·
998 3500 1032 3550 27
1051 3491 1067 3564 ἢ
1084 3513 1151 3561 αφε-

81 3573 123 3623 λεῖν
134 3597 158 3628 τι
180 3579 211 3629 D.
236 3604 271 3614 -
295 3573 408 3642 ἀφελεῖν
427 3591 487 3624 corr
504 3591 529 3623 n.
555 3601 585 3610 ·-
614 3571 675 3639 τῆς]
694 3569 740 3622 καλ
759 3571 809 3635 τῆς
827 3590 858 3638 pr
876 3589 896 3622 σ.
915 3599 948 3610 -
972 3569 1006 3620 28
1023 3569 1154 3633 παρεῖται

80 3642 116 3694 θα.
136 3674 166 3682 -
191 3643 250 3711 μὲν]
270 3637 288 3709 ἢ
306 3661 331 3694 π.
353 3675 381 3682 -
411 3645 445 3694 29
464 3641 503 3709 έν]
521 3639 557 3692 τὰ
576 3637 605 3691 έν
622 3658 647 3690 τι.
674 3667 704 3676 -
730 3640 769 3710 τῷ
789 3641 820 3692 D.
847 3667 882 3679 -
907 3634 1049 3704 σσμηοὲι
1069 3636 1153 3718 131-

77 3717 225 3780 παραλιπεῖν
235 3716 259 3764 A
262 3713 316 3764 Βσιί
321 3714 354 3777 Μ,
363 3713 547 3781 παραλυπεῖν
549 3711 592 3774 fu.
601 3739 631 3748 -
652 3710 679 3758 31
692 3701 1033 3776 οἶνογκαῖσν],άναγιισιῖσν,
1041 3703 1067 3756 εί
1075 3717 1153 3754 anau

76 3779 106 3840 είς
115 3778 161 3848 τὴν
175 3785 310 3850 διαίρεσιν
319 3779 447 3844 έμπίπτει
457 3777 631 3845 (ἐμπεσεῖται
644 3777 692 3842 M)
701 3777 746 3828 καί
755 3775 841 3841 μηδὲν
855 3773 961 3844 (μηθέν
976 3776 1014 3840 D)
1024 3770 1154 3825 ἐλλείπει·

74 3849 143 3902 τοῦτο
167 3849 191 3903 δ’
216 3849 371 3918 ἀναγκαῖον
394 3851 501 3902 codices.
528 3879 552 3888 —
582 3842 635 3918 γὰρ
658 3863 703 3895 om
728 3847 815 3906 AMd,
837 3865 869 3910 pr
885 3863 905 3896 c.
931 3873 964 3884 -
989 3843 1103 3926 &fflstpflr
1125 3841 1155 3902 B,

73 3911 118 3984 ἤδη
135 3921 238 3971 codices.
258 3947 289 3956 -
310 3920 412 3971 δεῖσαι
431 3919 481 3981 Ad,
502 3935 532 3983 pr
550 3934 571 3979 ο,
591 3925 653 3980 post
672 3910 743 3966 εἶναι
761 3934 810 3980 pos
831 3917 864 3966 D.
882 3941 914 3954 -·
940 3917 1013 3965 συλλ.
1032 3929 1062 3977 γε
1079 3927 1155 3974 σμωι·

73 4001 93 4035 π.
109 4017 136 4025 -
155 3989 187 4038 32
205 3987 279 4042 ἔστιν
301 3990 395 4039 Dn.-
413 3981 470 4040 ἀλλ’
488 3983 559 4054 νπὲρ
579 3985 617 4034 Μ.
637 4011 667 4020 -
688 3982 916 4050 βόσυλλογισμῶν
935 3984 972 4034 Μ.
991 4005 1023 4018 -
1042 3980 1074 4032 57
1092 3976 1155 4030 τοδὶ
1268 4019 1270 4026 ,

46 4061 49 4064 ”
73 4071 124 4104 corr
139 4057 181 4106 ιλιι.

129 4121 194 4178 92³3
212 4121 326 4188 διόπιί.
344 4153 373 4162 -
393 4143 425 4192 pr
443 4119 461 4186 ἢ
480 4141 521 4174 om
544 4125 591 4174 Du.
611 4147 643 4158 -
662 4119 678 4169 4
696 4118 781 4186 έστιν]
802 4117 841 4172 έπι
859 4119 997 4170 ΑΒσΜατι.
1013 4145 1046 4156 -
1064 4117 1155 4166 ὀσυλ·

72 4192 177 4264 λογισμῷ
190 4196 220 4245 D.
230 4221 264 4232 -
273 4189 352 4261 θάρα
362 4194 398 4244 Μ.
407 4221 437 4232 -
449 4190 496 4244 καὶ
505 4208 546 4242 om
554 4208 621 4240 τι-
629 4187 668 4256 τῷ
678 4183 707 4242 έκ
716 4190 754 4240 Μ.
762 4217 795 4228 -
803 4188 904 4240 Βίδίων
910 4187 1016 4237 codices.
1024 4213 1054 4224 -
1067 4179 1155 4252 9γάρ]

73 4252 110 4328 ἄρ’
119 4277 143 4311 ιι.
162 4290 190 4300 -
213 4264 243 4313 ll
259 4259 289 4314 έν
302 4279 342 4312 om
355 4261 479 4325 ΑΒΜιίιι,
493 4278 523 4326 pr
536 4275 557 4309 σ.
574 4285 607 4298 -
625 4253 828 4326 συλλελόγισται
842 4257 886 4318 Μ,
904 4252 1120 4320 συλλογίσασθαι
1131 4253 1156 4317 s.
